@inproceedings{Manzoor:2018:XOD:3219819.3220107,
 author = {Manzoor, Emaad and Lamba, Hemank and Akoglu, Leman},
 title = {xStream: Outlier Detection in Feature-Evolving Data Streams},
 booktitle = {Proceedings of the 24th ACM SIGKDD International Conference on Knowledge Discovery \&\#38; Data Mining},
 series = {KDD '18},
 year = {2018},
 isbn = {978-1-4503-5552-0},
 location = {London, United Kingdom},
 pages = {1963--1972},
 numpages = {10},
 url = {http://doi.acm.org/10.1145/3219819.3220107},
 doi = {10.1145/3219819.3220107},
 acmid = {3220107},
 publisher = {ACM},
 address = {New York, NY, USA},
 keywords = {anomaly detection, data streams, evolving feature spaces, outlier detection},
}

@inproceedings{aggarwal2001outlier,
  title={Outlier detection for high dimensional data},
  author={Aggarwal, Charu C and Yu, Philip S},
  booktitle={ACM Sigmod Record},
  volume={30},
  number={2},
  pages={37--46},
  year={2001},
  organization={ACM}
}

@article{aggarwal2013outlier,
  title={Outlier ensembles: position paper},
  author={Aggarwal, Charu C},
  journal={ACM SIGKDD Explorations Newsletter},
  volume={14},
  number={2},
  pages={49--58},
  year={2013},
  publisher={ACM}
}

@inproceedings{tan2011fast,
  title={Fast anomaly detection for streaming data},
  author={Tan, Swee Chuan and Ting, Kai Ming and Liu, Tony Fei},
  booktitle={IJCAI Proceedings-International Joint Conference on Artificial Intelligence},
  volume={22},
  number={1},
  pages={1511},
  year={2011}
}

@article{tran2016distance,
  title={Distance-based outlier detection in data streams},
  author={Tran, Luan and Fan, Liyue and Shahabi, Cyrus},
  journal={Proceedings of the VLDB Endowment},
  volume={9},
  number={12},
  pages={1089--1100},
  year={2016},
  publisher={VLDB Endowment}
}