@inproceedings{Manzoor:2018:XOD:3219819.3220107,
 author = {Manzoor, Emaad and Lamba, Hemank and Akoglu, Leman},
 title = {xStream: Outlier Detection in Feature-Evolving Data Streams},
 booktitle = {Proceedings of the 24th ACM SIGKDD International Conference on Knowledge Discovery \&\#38; Data Mining},
 series = {KDD '18},
 year = {2018},
 isbn = {978-1-4503-5552-0},
 location = {London, United Kingdom},
 pages = {1963--1972},
 numpages = {10},
 url = {http://doi.acm.org/10.1145/3219819.3220107},
 doi = {10.1145/3219819.3220107},
 acmid = {3220107},
 publisher = {ACM},
 address = {New York, NY, USA},
 keywords = {anomaly detection, data streams, evolving feature spaces, outlier detection},
}